@article{methods_for_diagnostic,
author = { Srinivas   Katipamula  and  Michael R.   Brambley },
title = {Methods for fault detection, diagnostics, and prognostics for building systems — a review},
journal = {HVAC\&R Research},
volume = {11},
number = {1},
pages = {3-25},
year  = {2005},
publisher = {Taylor & Francis}
}
@article{brick_schema,
author = {Balaji, Bharathan and Agarwal, Yuvraj and Berges, Mario and Culler, David and Gupta, Rajesh and Kjærgaard, Mikkel and Srivastava, Mani and Whitehouse, Kamin and Bhattacharya, Arka and Fierro, Gabriel and Gao, Jingkun and Gluck, Joshua and Hong, Dezhi and Johansen, Aslak and Koh, Jason and Ploennigs, Joern},
year = {2016},
month = {11},
pages = {41-50},
title = {Brick: Towards a Unified Metadata Schema For Buildings}
}
@article{ssn_ontology,
title = "The SSN ontology of the W3C semantic sensor network incubator group",
journal = "Web Semantics: Science, Services and Agents on the World Wide Web",
volume = "17",
pages = "25 - 32",
year = "2012",
issn = "1570-8268",
author = "Michael Compton and Payam Barnaghi and Luis Bermudez and Raúl García-Castro and Oscar Corcho and Simon Cox and John Graybeal and Manfred Hauswirth and Cory Henson and Arthur Herzog and Vincent Huang and Krzysztof Janowicz and W. David Kelsey and Danh Le Phuoc and Laurent Lefort and Myriam Leggieri and Holger Neuhaus and Andriy Nikolov and Kevin Page and Alexandre Passant and Amit Sheth and Kerry Taylor"
}
@online{project_haystack,
title = {Project Haystack},
url = {https://project-haystack.org/}
}
@online{rdf_standard,
title = {Resource Description Framework},
url = {http://www.w3.org/RDF}
}
@online{sparql_reccomendation,
title = {SPARQL Protocol and RDF Query Language},
url={https://www.w3.org/TR/rdf-sparql-query}
}
@article{rdf_introduction,
author = {Robu, Ioana and Robu, Valentin and Thirion, Benoit},
year = {2006},
month = {05},
pages = {198-205},
title = {An introduction to the Semantic Web for health sciences librarians},
volume = {94},
booktitle = {Journal of the Medical Library Association : JMLA}
}
@article{semantic_mapping,
author = {Schumann, Anika and Ploennigs, Joern and Gorman, Bernard},
year = {2014},
month = {11},
title = {Towards Automating the Deployment of Energy Saving Approaches in Buildings},
booktitle = {BuildSys 2014 - Proceedings of the 1st ACM Conference on Embedded Systems for Energy-Efficient Buildings}
}
@article{bead,
author = {Ploennigs, Joern and Gorman, Bernard and Brady, Niall and Schumann, Anika},
year = {2014},
month = {11},
pages = {},
title = {Demo Abstract: BEAD - Building Energy Asset Discovery Tool for Automating Smart Building Analytics}
}
@article{building_room_physics,
author = {Wetter, Michael},
year = {2006},
month = {01},
pages = {},
title = {Multizone Building Model for Thermal Building Simulation in Modelica},
volume = {2}
}
@article{building_ahu_physics,
author = {Wang, Yao-Wen and Cai, Wen-Jian and Soh, Yeng-Chai and Li, Shu-Jiang and Lu, Lu and Xie, Lihua},
year = {2004},
month = {11},
pages = {2915-2930},
title = {A simplified modeling of cooling coils for control and optimization of HVAC systems},
volume = {45},
booktitle = {Energy Conversion and Management - ENERG CONV MANAGE}
}
@article{building_chiller_physics,
title = "A model-based online fault detection and diagnosis strategy for centrifugal chiller systems",
journal = "International Journal of Thermal Sciences",
volume = "44",
number = "10",
pages = "986 - 999",
year = "2005",
issn = "1290-0729",
author = "Jingtan Cui and Shengwei Wang"
}
@inproceedings{inproceedings_cognitive_buildings,
  title={From Semantic Models to Cognitive Buildings},
  author={Joern Ploennigs and Anika Schumann},
  booktitle={AAAI},
  year={2017}
}
@article{e2d,
author = {Ploennigs, Joern and Chen, Bei and Palmes, Paulito and Lloyd, Raymond},
year = {2015},
month = {01},
pages = {1231-1234},
title = {e2-Diagnoser: A System for Monitoring, Forecasting and Diagnosing Energy Usage},
volume = {2015},
booktitle = {IEEE International Conference on Data Mining Workshops, ICDMW}
}
@article{semantic_diagnoser,
author = {Ploennigs, Joern and Maghella, Michael and Schumann, Anika and Chen, Bei},
year = {2017},
month = {07},
pages = {1-1},
title = {Semantic Diagnosis Approach for Buildings},
volume = {PP},
booktitle = {IEEE Transactions on Industrial Informatics}
}
